
@article{Herrero:1998eq,
    author         = "{Herrero, M.}",
    title          = "{The Standard model: Techniques and Concepts of High-Energy Physics}",
    journal        = "{NATO Sci. Ser. C}",
    volume         = "{534}",
    year           = "1999",
    pages          = "{1-59}",
}

@article{Brown:1978,
    author         = "{Brown, L.~M.}",
    title          = "{The idea of the neutrino}",
    journal        = "{Physics Today}",
    year           = "1978",
    month          = "sep",
    volume         = "31",
    pages          = "{23-28}",
    adsurl         = "{http://adsabs.harvard.edu/abs/1978PhT....31i..23B}",
    adsnote        = "{Provided by the SAO/NASA Astrophysics Data System}"
}

@online{Reines:1995:NobelLecture,
    author         = "{Frederick Reines}",
    title          = "{Nobel Lecture: The Neutrino: From Poltergeist to Particle}",
    month          = "{dec}",
    year           = "{1995}",
    url            = "{http://www.nobelprize.org/nobel_prizes/physics/laureates/1995/reines-lecture.html}"
}

@article{Karlen:2004fj,
    author         = {Karlen, D.},
    title          = {The Number of Light Neutrino Types from collider experiments},
    year           = {2004},
    SLACcitation   = {%%CITATION = INSPIRE-659887;%%}
}

@article{Antonello:2012be,
    author         = {Antonello, M. and others},
    title          = {Precision measurement of the neutrino velocity with the
                     ICARUS detector in the CNGS beam},
    journal        = {JHEP},
    volume         = {11},
    year           = {2012},
    pages          = {049},
}

@article{Adam:2011faa,
    author         = {Adam, T. and others},
    title          = {Measurement of the neutrino velocity with the OPERA
                     detector in the CNGS beam},
    collaboration  = {OPERA},
    journal        = {JHEP},
    volume         = {10},
    year           = {2012},
    pages          = {093},
}

@misc{1601.00627,
    Author = {I. Sahin},
    Title = {A hypothesis on neutrino helicity},
    Year = {2015},
    Eprint = {arXiv:1601.00627},
}

@article{Romero:2016str,
    author         = {Romero, R.},
    title          = {On the nature of the neutrino},
    journal        = {Mod. Phys. Lett.},
    volume         = {A31},
    year           = {2016},
    number         = {19},
}

@article{PhysRev.105.1413,
    title          = {Experimental Test of Parity Conservation in Beta Decay},
    author         = {Wu, C. S. and Ambler, E. and Hayward, R. W. and Hoppes, D. D. and Hudson, R. P.},
    journal        = {Phys. Rev.},
    volume         = {105},
    issue          = {4},
    pages          = {1413--1415},
    numpages       = {0},
    year           = {1957},
    month          = {Feb},
    publisher      = {American Physical Society},
    doi            = {10.1103/PhysRev.105.1413},
    url            = {http://link.aps.org/doi/10.1103/PhysRev.105.1413}
}

@online{Bahcall:2004,
    author         = {John Bahcall},
    title          = {Solving the Mystery of the Missing Neutrinos},
    month          = apr,
    year           = {2004},
    url            = {http://www.nobelprize.org/nobel_prizes/themes/physics/bahcall/}
}

@inproceedings{Esposito:2011rx,
    author         = {Esposito, Giampiero},
    title          = {An Introduction to quantum gravity},
    booktitle      = {Section 6.7.17 of the EOLSS Encyclopedia by UNESCO},
    url            = {https://inspirehep.net/record/924147/files/arXiv:1108.3269.pdf},
    year           = {2011},
}

@misc{1602.04182,
    author = {Kresimir Kumericki},
    title = {Feynman Diagrams for Beginners},
    year = {2016},
    eprint = {arXiv:1602.04182},
}

@article{Ereditato2016116,
    title          = {The discovery of the appearance of $\nu_\mu \to \nu_\tau$ neutrino oscillations},
    journal        = {Nuclear Physics B},
    volume         = {908},
    pages          = {116 - 129},
    year           = {2016},
    note           = {Neutrino Oscillations: Celebrating the Nobel Prize in Physics 2015},
    issn           = {0550-3213},
    doi            = {http://dx.doi.org/10.1016/j.nuclphysb.2016.03.014},
    url            = {http://www.sciencedirect.com/science/article/pii/S055032131600105X},
    author         = {Antonio Ereditato}
}

@article{2013PrPNP:73:1B,
    author         = {{Bellini}, G. and {Ianni}, A. and {Ludhova}, L. and {Mantovani}, F. and 
                     {McDonough}, W.~F.},
    title          = {Geo-neutrinos},
    journal        = {Progress in Particle and Nuclear Physics},
    archivePrefix  = {arXiv},
    eprint         = {1310.3732},
    primaryClass   = {physics.geo-ph},
    year           = 2013,
    month          = nov,
    volume         = 73,
    pages          = {1-34},
    doi            = {10.1016/j.ppnp.2013.07.001},
    adsurl         = {http://adsabs.harvard.edu/abs/2013PrPNP..73....1B},
    adsnote        = {Provided by the SAO/NASA Astrophysics Data System}
}

@article{Aartsen:2016xlq,
    author         = {Aartsen, M. G. and others},
    title          = {Observation and Characterization of a Cosmic Muon
                      Neutrino Flux from the Northern Hemisphere using six years
                      of IceCube data},
    collaboration  = {IceCube},
    year           = {2016},
    eprint         = {1607.08006},
    archivePrefix  = {arXiv},
    primaryClass   = {astro-ph.HE},
    SLACcitation   = {%%CITATION = ARXIV:1607.08006;%%}
}

@article{Richard:2015aua,
    author         = {Richard, E. and others},
    title          = {Measurements of the atmospheric neutrino flux by
                     Super-Kamiokande: energy spectra, geomagnetic effects, and
                     solar modulation},
    collaboration  = {Super-Kamiokande},
    year           = {2015},
    eprint         = {1510.08127},
    archivePrefix  = {arXiv},
    primaryClass   = {hep-ex}
    SLACcitation   = {%%CITATION = ARXIV:1510.08127;%%}
}

@article{Bellerive:2016byv,
    author         = {Bellerive, A. and Klein, J. R. and McDonald, A. B. and
                     Noble, A. J. and Poon, A. W. P.},
    title          = {The Sudbury Neutrino Observatory},
    collaboration  = {SNO},
    journal        = {Nucl. Phys.},
    volume         = {B908},
    year           = {2016},
    pages          = {30-51},
    doi            = {10.1016/j.nuclphysb.2016.04.035},
    eprint         = {1602.02469},
    archivePrefix  = {arXiv},
    primaryClass   = {nucl-ex},
    SLACcitation   = {%%CITATION = ARXIV:1602.02469;%%}
}

@article{Agashe:2014kda,
    author         = "Olive, K. A. and others",
    title          = "{Review of Particle Physics}",
    collaboration  = "Particle Data Group",
    journal        = "Chin. Phys.",
    volume         = "C38",
    year           = "2014",
    pages          = "090001",
    doi            = "10.1088/1674-1137/38/9/090001",
    SLACcitation   = "%%CITATION = CHPHD,C38,090001;%%"
}

@article{Xing:2013woa,
      author         = "Xing, Zhi-zhong and Zhou, Ye-Ling",
      title          = "{Majorana CP-violating phases in neutrino-antineutrino
                         oscillations and other lepton-number-violating processes}",
      journal        = "Phys. Rev.",
      volume         = "D88",
      year           = "2013",
      pages          = "033002",
      doi            = "10.1103/PhysRevD.88.033002",
      eprint         = "1305.5718",
      archivePrefix  = "arXiv",
      primaryClass   = "hep-ph",
      SLACcitation   = "%%CITATION = ARXIV:1305.5718;%%"
}

@article{Lasserre:2005qw,
    author         = "Lasserre, T. and Sobel, H. W.",
    title          = "{Reactor neutrinos}",
    journal        = "Comptes Rendus Physique",
    volume         = "6",
    year           = "2005",
    pages          = "749-757",
    doi            = "10.1016/J.CRHY.2005.08.002",
    eprint         = "nucl-ex/0601013",
    archivePrefix  = "arXiv",
    primaryClass   = "nucl-ex",
    SLACcitation   = "%%CITATION = NUCL-EX/0601013;%%"
}

@article{Guo:2007ug,
    author         = "Guo, Xinheng and others",
    title          = "{A Precision measurement of the neutrino mixing angle
                      $\theta\_{13}$ using reactor antineutrinos at Daya-Bay}",
    collaboration  = "Daya Bay",
    year           = "2007",
    eprint         = "hep-ex/0701029",
    archivePrefix  = "arXiv",
    primaryClass   = "hep-ex",
    reportNumber   = "BNL-77369-2006-IR, LBNL-62137, TUHEP-EX-06-003",
    SLACcitation   = "%%CITATION = HEP-EX/0701029;%%"
}

@inproceedings{Wang:2015rma,
    author         = "Wang, Yifang and Xing, Zhi-zhong",
    title          = "{Neutrino Masses and Flavor Oscillations}",
    url            = "http://inspirehep.net/record/1364497/files/arXiv:1504.06155.pdf",
    year           = "2015",
    eprint         = "1504.06155",
    archivePrefix  = "arXiv",
    primaryClass   = "hep-ph",
    SLACcitation   = "%%CITATION = ARXIV:1504.06155;%%"
}

@article{Gerbino:2015ixa,
    author         = "Gerbino, Martina and Lattanzi, Massimiliano and
                      Melchiorri, Alessandro",
    title          = "{The $\nu$ generation: present and future constraints on
                      neutrino masses from cosmology and laboratory experiments}",
    year           = "2015",
    eprint         = "1507.08614",
    archivePrefix  = "arXiv",
    primaryClass   = "hep-ph",
    SLACcitation   = "%%CITATION = ARXIV:1507.08614;%%"
}

@article{Bahcall:2004pz,
    author         = "Bahcall, John N. and Serenelli, Aldo M. and Basu,
                      Sarbani",
    title          = "{New solar opacities, abundances, helioseismology, and
                     "neutrino fluxes}",
    journal        = "Astrophys. J.",
    volume         = "621",
    year           = "2005",
    pages          = "L85-L88",
    doi            = "10.1086/428929",
    eprint         = "astro-ph/0412440",
    archivePrefix  = "arXiv",
    primaryClass   = "astro-ph",
    SLACcitation   = "%%CITATION = ASTRO-PH/0412440;%%"
}

@Article{Araki2005,
    author         = "Araki, T. and others",
    title          = {Experimental investigation of geologically produced antineutrinos with KamLAND},
    journal        = {Nature},
    year           = {2005},
    month          = {Jul},
    day            = {28},
    volume         = {436},
    number         = {7050},
    pages          = {499-503},
    issn           = {0028-0836},
    doi            = {10.1038/nature03980},
    url            = {http://dx.doi.org/10.1038/nature03980}
}

@misc{1605.06795,
    Author         = "Derbin, A. and others",
    Title          = {The Main Results of the Borexino Experiment},
    Year           = {2016},
    Eprint         = {arXiv:1605.06795},
}

@article{Richard:2015aua,
    author         = "Richard, E. and others",
    title          = {Measurements of the atmospheric neutrino flux by
                      Super-Kamiokande: energy spectra, geomagnetic effects, and
                      solar modulation},
    collaboration  = {Super-Kamiokande},
    year           = {2015},
    eprint         = {1510.08127},
    archivePrefix  = {arXiv},
    primaryClass   = {hep-ex},
    SLACcitation   = {%%CITATION = ARXIV:1510.08127;%%}
}

@inproceedings{Dova:2016ipa,
      author         = {Dova, M. T.},
      title          = {Ultra-High Energy Cosmic Rays},
      booktitle      = {Proceedings, 7th CERN-Latin-American School of
                        High-Energy Physics (CLASHEP2013): Arequipa, Peru, March
                        6-19, 2013},
      year           = {2015},
      url            = {https://inspirehep.net/record/1452529/files/arXiv:1604.07584.pdf},
      pages          = {169-190},
      doi            = {10.5170/CERN-2015-001.169},
      eprint         = {1604.07584},
      archivePrefix  = {arXiv},
      primaryClass   = {astro-ph.HE},
      SLACcitation   = {%%CITATION = ARXIV:1604.07584;%%}
}

@article{Maestro:2015lla,
      author         = {Maestro, Paolo},
      title          = {Cosmic rays: direct measurements},
      booktitle      = {Proceedings, 34th International Cosmic Ray Conference
                          (ICRC 2015): The Hague, The Netherlands, July 30-August 6,
                          2015},
      journal        = {PoS},
      volume         = {ICRC2015},
      year           = {2015},
      pages          = {016},
      eprint         = {1510.07683},
      archivePrefix  = {arXiv},
      primaryClass   = {astro-ph.HE},
      SLACcitation   = {%%CITATION = ARXIV:1510.07683;%%}
}


@article{Bugaev:1998bi,
    author         = "Bugaev, E. V. and Misaki, A. and Naumov, Vadim A. and
                      Sinegovskaya, T. S. and Sinegovsky, S. I. and Takahashi,
                      N.",
    title          = "{Atmospheric muon flux at sea level, underground and
                      underwater}",
    journal        = "Phys. Rev.",
    volume         = "D58",
    year           = "1998",
    pages          = "054001",
    doi            = "10.1103/PhysRevD.58.054001",
    eprint         = "hep-ph/9803488",
    archivePrefix  = "arXiv",
    primaryClass   = "hep-ph",
    SLACcitation   = "%%CITATION = HEP-PH/9803488;%%"
}

@article{0807.2895,
    author         = {Xiongxin Dai and Etienne Rollin and Alain Bellerive and Cliff Hargrove and David Sinclair and Cathy Mifflin and Feng Zhang},
    title          = {Wavelength Shifters for Water Cherenkov Detectors},
    year           = {2008},
    eprint         = {arXiv:0807.2895},
    howpublished   = {Nucl.Instrum.Meth.589:290-295,2008;
                     Nucl.Instrum.Meth.A589:290-295,2008},
    doi            = {10.1016/j.nima.2008.01.101},
}


@article{Bellerive:2016byv,
    author         = {Bellerive, A. and Klein, J. R. and McDonald, A. B. and
                      Noble, A. J. and Poon, A. W. P.},
    title          = {The Sudbury Neutrino Observatory},
    collaboration  = {SNO},
    journal        = {Nucl. Phys.},
    volume         = {B908},
    year           = {2016},
    pages          = {30-51},
    doi            = {10.1016/j.nuclphysb.2016.04.035},
    eprint         = {1602.02469},
    archivePrefix  = {arXiv},
    primaryClass   = {nucl-ex},
    SLACcitation   = {%%CITATION = ARXIV:1602.02469;%%}
}

@article{Katori:2014qta,
      author         = {Katori, Teppei and Conrad, Janet},
      title          = {Beyond Standard Model Searches in the MiniBooNE
                       Experiment},
      journal        = {Adv. High Energy Phys.},
      volume         = {2015},
      year           = {2015},
      pages          = {362971},
      doi            = {10.1155/2015/362971},
      eprint         = {1404.7759},
      archivePrefix  = {arXiv},
      primaryClass   = {hep-ex}
}

@article{Gninenko:2009ks,
      author         = {Gninenko, S. N.},
      title          = {The MiniBooNE anomaly and heavy neutrino decay},
      journal        = {Phys. Rev. Lett.},
      volume         = {103},
      year           = {2009},
      pages          = {241802},
      doi            = {10.1103/PhysRevLett.103.241802},
      eprint         = {0902.3802},
      archivePrefix  = {arXiv}
}

@article{Antonello:2015lea,
      author         = {Antonello, M. and others},
      title          = {A Proposal for a Three Detector Short-Baseline Neutrino
                        Oscillation Program in the Fermilab Booster Neutrino
                        Beam},
      collaboration  = {LAr1-ND, ICARUS-WA104, MicroBooNE},
      year           = {2015},
      eprint         = {1503.01520},
      archivePrefix  = {arXiv},
      primaryClass   = {physics.ins-det},
      SLACcitation   = {%%CITATION = ARXIV:1503.01520;%%}
}


@article{1206.4154,
    Author = {Patrick Eckert and Rainer Stamen and Hans-Christian Schultz-Coulon},
    Title = {Study of the response and photon-counting resolution of silicon photomultipliers using a generic simulation framework},
    Year = {2012},
    Eprint = {arXiv:1206.4154},
    Doi = {10.1088/1748-0221/7/08/P08011},
}

@misc{cern:root,
  title = {ROOT Data Analysis Framkework},
  howpublished = {\url{https://root.cern.ch}},
  note = {Accessed: 2016-09-09}
}

@misc{ROOT:TSpectrum,
  title = {{TSpectrum} Class Reference},
  howpublished = {\url{https://root.cern.ch/doc/master/classTSpectrum.html}},
  note = {Accessed: 2016-09-09}
}

@article{Auger:2016vpo,
    author         = {Auger, M. and Ereditato, A. and Goeldi, D. and Kreslo, I.
                     and Lorca, D. and Luethi, M. and Rudolf von Rohr, C. and
                     Sinclair, J. and Weber, M. S.},
    title          = {Multi-channel front-end board for SiPM readout},
    year           = {2016},
    eprint         = {1606.02290},
    archivePrefix  = {arXiv},
    primaryClass   = {physics.ins-det},
    SLACcitation   = {%%CITATION = ARXIV:1606.02290;%%}
}

@online{ZeroMQ:AHundredWords,
    author         = {Pieter Hintjens, CEO of iMatix},
    title          = {ZeroMQ - The Guide},
    url            = {http://zguide.zeromq.org/page:all\#ZeroMQ-in-a-Hundred-Words}
}

